@inproceedings{yao1982protocols,
  title={Protocols for secure computations},
  author={Yao, Andrew C},
  booktitle={23rd annual symposium on foundations of computer science (sfcs 1982)},
  pages={160--164},
  year={1982},
  organization={IEEE}
}

@article{shamir1979share,
  title={How to share a secret},
  author={Shamir, Adi},
  journal={Communications of the ACM},
  volume={22},
  number={11},
  pages={612--613},
  year={1979},
  publisher={ACm}
}

@article{de2012design,
  title={Design of large scale applications of secure multiparty computation: secure linear programming},
  author={de Hoogh, Sebastiaan Jacobus Antonius},
  year={2012},
  publisher={Technische Universiteit Eindhoven}
}
